<record><leader>00000cas a2200000 a 4500</leader><controlfield tag="001">9696223</controlfield><controlfield tag="008">830712d19181921mtudn ne      0   a0eng c</controlfield><datafield ind1=" " ind2=" " tag="010"><subfield code="a">sn 83045085 </subfield></datafield><datafield ind1=" " ind2=" " tag="040"><subfield code="a">CRL</subfield><subfield code="b">eng</subfield><subfield code="c">CRL</subfield><subfield code="d">NPW</subfield><subfield code="d">MTL</subfield><subfield code="d">NPW</subfield><subfield code="d">MTL</subfield><subfield code="d">EYM</subfield><subfield code="d">CRL</subfield><subfield code="d">WIH</subfield><subfield code="d">OCLCQ</subfield><subfield code="d">OCLCF</subfield><subfield code="d">DLC</subfield></datafield><datafield ind1=" " ind2=" " tag="012"><subfield code="i">9502</subfield></datafield><datafield ind1="0" ind2=" " tag="022"><subfield code="a">2372-2916</subfield><subfield code="2">1</subfield></datafield><datafield ind1=" " ind2=" " tag="042"><subfield code="a">pcc</subfield><subfield code="a">nsdp</subfield></datafield><datafield ind1=" " ind2=" " tag="043"><subfield code="a">n-us---</subfield><subfield code="a">n-us-mt</subfield></datafield><datafield ind1="0" ind2="0" tag="050"><subfield code="a">Newspaper</subfield></datafield><datafield ind1="0" ind2="0" tag="082"><subfield code="a">071</subfield><subfield code="2">23</subfield></datafield><datafield ind1=" " ind2=" " tag="090"><subfield code="a">HD8051</subfield><subfield code="b">.B88</subfield></datafield><datafield ind1="0" ind2=" " tag="130"><subfield code="a">Butte daily bulletin (Butte, Mont. : 1918)</subfield></datafield><datafield ind1=" " ind2="4" tag="222"><subfield code="a">The Butte daily bulletin</subfield><subfield code="b">(Butte, Mont. 1918. Print)</subfield></datafield><datafield ind1="1" ind2="4" tag="245"><subfield code="a">The Butte daily bulletin.</subfield></datafield><datafield ind1=" " ind2=" " tag="260"><subfield code="a">Butte, Mont. :</subfield><subfield code="b">Bulletin Pub.,</subfield><subfield code="c">1918-1921.</subfield></datafield><datafield ind1=" " ind2=" " tag="300"><subfield code="a">3 v. :</subfield><subfield code="b">ill. ;</subfield><subfield code="c">56 cm.</subfield></datafield><datafield ind1=" " ind2=" " tag="310"><subfield code="a">Daily (except Sun.)</subfield></datafield><datafield ind1="0" ind2=" " tag="362"><subfield code="a">Vol. 1, no. 1 (Aug. 20, 1918)-v. 3, no. 244 (June 1, 1921).</subfield></datafield><datafield ind1=" " ind2=" " tag="500"><subfield code="a">"Independent."</subfield></datafield><datafield ind1=" " ind2=" " tag="500"><subfield code="a">Motto: "We preach the class struggle in the interests of the workers as a class."</subfield></datafield><datafield ind1=" " ind2=" " tag="515"><subfield code="a">Suspended: Aug. 22-24, 1918, and Sept. 14, 1918.</subfield></datafield><datafield ind1=" " ind2=" " tag="530"><subfield code="a">Available on microfilm from Micro Photo Division, Bell and Howell.</subfield></datafield><datafield ind1=" " ind2=" " tag="530"><subfield code="a">Archived issues are available in digital format from the Library of Congress Chronicling America online collection.</subfield></datafield><datafield ind1=" " ind2=" " tag="550"><subfield code="a">Official organ of: Montana State Federation of Labor, National Trades Council of Butte, Silver Bow Trades and Labor Assembly, State Metal Trades Council, Feb. 25, 1920-June 1, 1921; Montana World War Veterans, Inc., Nov. 22, 1920-June 1, 1921.</subfield></datafield><datafield ind1=" " ind2="0" tag="650"><subfield code="a">Working class</subfield><subfield code="z">United States</subfield><subfield code="v">Newspapers.</subfield></datafield><datafield ind1=" " ind2="0" tag="650"><subfield code="a">Working class</subfield><subfield code="z">Montana</subfield><subfield code="v">Newspapers.</subfield></datafield><datafield ind1=" " ind2="0" tag="650"><subfield code="a">Labor</subfield><subfield code="z">Montana</subfield><subfield code="v">Newspapers.</subfield></datafield><datafield ind1=" " ind2="7" tag="650"><subfield code="a">Labor.</subfield><subfield code="2">fast</subfield><subfield code="0">(OCoLC)fst00989798</subfield></datafield><datafield ind1=" " ind2="7" tag="650"><subfield code="a">Working class.</subfield><subfield code="2">fast</subfield><subfield code="0">(OCoLC)fst01180418</subfield></datafield><datafield ind1=" " ind2="7" tag="651"><subfield code="a">Montana.</subfield><subfield code="2">fast</subfield><subfield code="0">(OCoLC)fst01207555</subfield></datafield><datafield ind1=" " ind2="7" tag="651"><subfield code="a">United States.</subfield><subfield code="2">fast</subfield><subfield code="0">(OCoLC)fst01204155</subfield></datafield><datafield ind1=" " ind2="7" tag="655"><subfield code="a">Newspapers.</subfield><subfield code="2">fast</subfield><subfield code="0">(OCoLC)fst01423814</subfield></datafield><datafield ind1="2" ind2=" " tag="710"><subfield code="a">Montana State Federation of Labor.</subfield></datafield><datafield ind1="2" ind2=" " tag="710"><subfield code="a">Metal Trades Council of Butte (Mont.)</subfield></datafield><datafield ind1="2" ind2=" " tag="710"><subfield code="a">Silver Bow Trades and Labor Assembly (Mont.)</subfield></datafield><datafield ind1="2" ind2=" " tag="710"><subfield code="a">State Metal Trades Council (Mont.)</subfield></datafield><datafield ind1="2" ind2=" " tag="710"><subfield code="a">Montana World War Veterans, Inc.</subfield></datafield><datafield ind1=" " ind2=" " tag="752"><subfield code="a">United States</subfield><subfield code="b">Montana</subfield><subfield code="c">Silver Bow</subfield><subfield code="d">Butte.</subfield></datafield><datafield ind1="0" ind2="8" tag="776"><subfield code="i">Online version:</subfield><subfield code="t">Butte daily bulletin (Butte, Mont. : 1918 : Online)</subfield><subfield code="x">2372-2924</subfield><subfield code="w">(DLC)  2014218270</subfield></datafield><datafield ind1="0" ind2="0" tag="780"><subfield code="t">Butte weekly bulletin</subfield><subfield code="w">(DLC)sn 84036026</subfield><subfield code="w">(OCoLC)10439866</subfield></datafield><datafield ind1="0" ind2="0" tag="785"><subfield code="t">Butte bulletin</subfield><subfield code="w">(DLC)sn 83045051</subfield><subfield code="w">(OCoLC)9669611</subfield></datafield><datafield ind1=" " ind2=" " tag="850"><subfield code="a">MiU</subfield></datafield><datafield ind1="4" ind2="1" tag="856"><subfield code="u">http://www.loc.gov/chroniclingamerica/lccn/sn83045085/issues</subfield></datafield><datafield ind1="1" ind2=" " tag="029"><subfield code="a">AU@</subfield><subfield code="b">000020294705</subfield></datafield></record>